@article{antoniou2007methodology,
  title={A methodology for the estimation of value-of-time using state-of-the-art econometric models},
  author={Antoniou, Constantinos and Matsoukis, Evangelos and Roussi, Penelope},
  journal={Journal of Public Transportation},
  volume={10},
  number={3},
  pages={1},
  year={2007}
}

@article{modesti1998utility,
  title={A utility measure for finding multiobjective shortest paths in urban multimodal transportation networks},
  author={Modesti, Paola and Sciomachen, Anna},
  journal={European Journal of Operational Research},
  volume={111},
  number={3},
  pages={495--508},
  year={1998},
  publisher={Elsevier}
}

@article{bienvenu2011specifying,
  title={Specifying and computing preferred plans},
  author={Bienvenu, Meghyn and Fritz, Christian and McIlraith, Sheila A},
  journal={Artificial Intelligence},
  volume={175},
  number={7},
  pages={1308--1345},
  year={2011},
  publisher={Elsevier}
}

@incollection{son2015non,
  title={A non-monotonic goal specification language for planning with preferences},
  author={Son, Tran Cao and Pontelli, Enrico and Baral, Chitta},
  booktitle={Advances in Knowledge Representation, Logic Programming, and Abstract Argumentation},
  pages={202--217},
  year={2015},
  publisher={Springer}
}

@incollection{son2004planning,
  title={Planning with preferences using logic programming},
  author={Son, Tran Cao and Pontelli, Enrico},
  booktitle={Logic Programming and Nonmonotonic Reasoning},
  pages={247--260},
  year={2004},
  publisher={Springer}
}

@article{bast2015route,
  title={Route planning in transportation networks},
  author={Bast, Hannah and Delling, Daniel and Goldberg, Andrew and M{\"u}ller-Hannemann, Matthias and Pajor, Thomas and Sanders, Peter and Wagner, Dorothea and Werneck, Renato F},
  journal={arXiv preprint arXiv:1504.05140},
  year={2015}
}

@inproceedings{zhou2011dynamic,
  title={Dynamic State-Space Partitioning in External-Memory Graph Search.},
  author={Zhou, Rong and Hansen, Eric A},
  booktitle={ICAPS},
  year={2011}
}

@article{nina2016no,
  title={No more Autobahn! Scenic Route Generation Using Googles Street View},
  author={Nina, Runge and Samsonov, Pavel and Degraen, Donald and Sch{\"o}ning, Johannes},
  year={2016},
  publisher={ACM}
}
